@article{larson2010introduction,
  title={Introduction to Information Retrieval},
  author={Larson, Ray R},
  journal={Journal of the Association for Information Science and Technology},
  volume={61},
  number={4},
  pages={852--853},
  year={2010}
}
